<record xmlns="http://www.openarchives.org/OAI/2.0/" xmlns:xsi="http://www.w3.org/2001/XMLSchema-instance"><header><identifier>oai:alma.34CSIC_INST:990013529190204201</identifier><datestamp>2020-02-06T08:40:59Z</datestamp><setSpec>manuscripta</setSpec></header><metadata><record xmlns="http://www.loc.gov/MARC21/slim" xmlns:xsi="http://www.w3.org/2001/XMLSchema-instance" xsi:schemaLocation="http://www.loc.gov/MARC21/slim http://www.loc.gov/standards/marcxml/schema/MARC21slim.xsd"><leader>04391ntm a2200601 i 4500</leader><controlfield tag="005">20181031100342.0</controlfield><controlfield tag="008">101004s                      000 0 ara d</controlfield><controlfield tag="001">990013529190204201</controlfield><datafield tag="035" ind1=" " ind2=" "><subfield code="a">CSIC001352919</subfield></datafield><datafield tag="035" ind1=" " ind2=" "><subfield code="a">(ES-MaCSI)001352919MAD01-Aleph</subfield></datafield><datafield tag="035" ind1=" " ind2=" "><subfield code="a">(OCoLC)1123833601
</subfield></datafield><datafield tag="040" ind1=" " ind2=" "><subfield code="a">ES-MaCSI</subfield><subfield code="b">spa</subfield></datafield><datafield tag="100" ind1="1" ind2=" "><subfield code="a">Yūsī, al-Ḥasan b. Mas`ūd al-</subfield><subfield code="d">(1630 ó 31-1691).</subfield></datafield><datafield tag="245" ind1="1" ind2="0"><subfield code="a">العلم على أنواع </subfield><subfield code="h">[Manuscrito]</subfield><subfield code="c">/ أبي عَلي سَيدي الحَسن بن مَسعُود.</subfield></datafield><datafield tag="260" ind1=" " ind2=" "><subfield code="c">[S.f.].</subfield></datafield><datafield tag="300" ind1=" " ind2=" "><subfield code="a">49 f. ;</subfield><subfield code="c">21,5 x 15,5 cm (caja: 14,5 x 8,7 cm).</subfield></datafield><datafield tag="490" ind1="1" ind2=" "><subfield code="a">Manuscripta</subfield></datafield><datafield tag="546" ind1=" " ind2=" "><subfield code="a">Arabe</subfield><subfield code="b">Escritura magrebí</subfield></datafield><datafield tag="500" ind1=" " ind2=" "><subfield code="a">Título transliterado: Al-ʽilm ʽalà anwāʼ</subfield></datafield><datafield tag="500" ind1=" " ind2=" "><subfield code="a">Distribución: 1 col. La mayor parte del volumen tiene 25 líneas por página. Otras varían de 19 a 26 líneas por página</subfield></datafield><datafield tag="500" ind1=" " ind2=" "><subfield code="a">Material: Papel</subfield></datafield><datafield tag="500" ind1=" " ind2=" "><subfield code="a">Tinta: Negra y roja</subfield></datafield><datafield tag="500" ind1=" " ind2=" "><subfield code="a">(بعد [البسملة] والتصلية) [...] العلامة الحبر الفهامة علم الإعلام‪Incipit:</subfield></datafield><datafield tag="500" ind1=" " ind2=" "><subfield code="a">‪Explicit:في الدنيا صعي الله تعلى له ذالك</subfield></datafield><datafield tag="500" ind1=" " ind2=" "><subfield code="a">Copista: No consta</subfield></datafield><datafield tag="500" ind1=" " ind2=" "><subfield code="a">‪Colofón: No consta</subfield></datafield><datafield tag="500" ind1=" " ind2=" "><subfield code="a">Características especiales: Texto sin vocalizar</subfield></datafield><datafield tag="500" ind1=" " ind2=" "><subfield code="a">Ilustración: No</subfield></datafield><datafield tag="500" ind1=" " ind2=" "><subfield code="a">Ilustraciones: No</subfield></datafield><datafield tag="500" ind1=" " ind2=" "><subfield code="a">Tipo de cuaderno: 7 cuads.: 1 bifolio, 2 biniones, 1 ternión, 1 cuaternión, 2 quiniones, más 5 folios sueltos.</subfield></datafield><datafield tag="500" ind1=" " ind2=" "><subfield code="a">Deterioros: Galerías, arrugas, pliegues y manchas de humedad que afectan a todos los folios, además de la rotura de algunos folios, aunque el texto se lee bien.</subfield></datafield><datafield tag="500" ind1=" " ind2=" "><subfield code="a">H en blanco: No</subfield></datafield><datafield tag="500" ind1=" " ind2=" "><subfield code="a">H dañadas: 10 H dañadas: todos los folios están dañados por las manchas de humedad y 10 de ellos están rotos, faltándoles la mitad superior.</subfield></datafield><datafield tag="500" ind1=" " ind2=" "><subfield code="a">H Faltan: no se puede precisar con exactitud el total de folios que faltan. El volumen es ápodo.</subfield></datafield><datafield tag="500" ind1=" " ind2=" "><subfield code="a">Foliación: Sin foliación original. - Foliación moderna a lápiz hecha por Naima Anahnah (2010)</subfield></datafield><datafield tag="500" ind1=" " ind2=" "><subfield code="a">Reclamos: Reclamos en tinta negra en el margen inferior izquierdo de los folios verso.</subfield></datafield><datafield tag="500" ind1=" " ind2=" "><subfield code="a">Sign. cuad.: No</subfield></datafield><datafield tag="500" ind1=" " ind2=" "><subfield code="a">Pautado: Punta seca (casi inapreciable). Líneas rectrices con una regularidad de 6 mm</subfield></datafield><datafield tag="500" ind1=" " ind2=" "><subfield code="a">Filigrana: La palabra “Picardo” en letras mayúsculas ahuecadas. Escudo ovalado con un león en el interior y otro a cada lado, y debajo las letras “F” y “P” en mayúscula ahuecadas</subfield></datafield><datafield tag="563" ind1=" " ind2=" "><subfield code="a">Encuadernación: Carece de encuadernación</subfield></datafield><datafield tag="541" ind1=" " ind2=" "><subfield code="a">Procedencia: Escuela de Estudios Árabes.</subfield><subfield code="c">[Carlos Quirós Rodríguez]</subfield><subfield code="d">[198-?]</subfield></datafield><datafield tag="500" ind1=" " ind2=" "><subfield code="a">Signatura antigua: No</subfield></datafield><datafield tag="500" ind1=" " ind2=" "><subfield code="a">Anotaciones: Anotaciones marginales muy escasas en tinta negra o roja de una mano posterior a la del copista. Las anotaciones son en su mayoría correcciones que van precedidas de la letra خ.</subfield></datafield><datafield tag="510" ind1=" " ind2=" "><subfield code="a">No</subfield></datafield><datafield tag="581" ind1=" " ind2=" "><subfield code="a">Descripción: No</subfield></datafield><datafield tag="530" ind1=" " ind2=" "><subfield code="a">Otros soportes: No</subfield></datafield><datafield tag="581" ind1=" " ind2=" "><subfield code="a">Edición: No</subfield></datafield><datafield tag="520" ind1="2" ind2=" "><subfield code="a">Contenido: Al-ʽilm ʽalà anwāʼ [Incompleto y ápodo]</subfield></datafield><datafield tag="650" ind1=" " ind2="7"><subfield code="a">Poesía árabe</subfield><subfield code="v">Manuscritos.</subfield><subfield code="2">CSICAU</subfield></datafield><datafield tag="740" ind1="3" ind2=" "><subfield code="a">Al-ʽilm ʽalà anwāʼ</subfield></datafield><datafield tag="830" ind1=" " ind2="0"><subfield code="a">Manuscripta</subfield></datafield><datafield tag="856" ind1="4" ind2="1"><subfield code="u">http://aleph.csic.es/imagenes/mad01/0006_PMSC/P_001352919_789169_V00.pdf</subfield><subfield code="z">Descargar Pdf completo (9.7M)</subfield><subfield code="m">CSIC</subfield></datafield><datafield tag="856" ind1="4" ind2="1"><subfield code="u">http://simurg.bibliotecas.csic.es/viewer/image/CSIC001352919/1/</subfield><subfield code="z">Ver texto completo en SIMURG, el portal de fondos digitalizados del CSIC</subfield><subfield code="m">CSIC</subfield></datafield><datafield tag="856" ind1="4" ind2="1"><subfield code="u">http://aleph.csic.es/imagenes/mad01/0006_PMSC/html/001352919.html</subfield><subfield code="z">Ver texto completo en Bookreader</subfield></datafield></record></metadata></record>